<record><leader>00000cas a2200000 a 4500</leader><controlfield tag="001">11116773</controlfield><controlfield tag="008">840904d19481973ksuwr ne      0   a0eng d</controlfield><datafield ind1=" " ind2=" " tag="010"><subfield code="a">sn 84029464 </subfield></datafield><datafield ind1=" " ind2=" " tag="040"><subfield code="a">KSH</subfield><subfield code="b">eng</subfield><subfield code="c">KSH</subfield><subfield code="d">NPT</subfield><subfield code="d">OCL</subfield><subfield code="d">OCLCQ</subfield></datafield><datafield ind1=" " ind2=" " tag="042"><subfield code="a">msc</subfield></datafield><datafield ind1="0" ind2="4" tag="245"><subfield code="a">The Herington advertiser-times.</subfield></datafield><datafield ind1=" " ind2=" " tag="260"><subfield code="a">Herington, Kan. :</subfield><subfield code="b">A.W. Roberts and M.P. Roberts,</subfield><subfield code="c">1948-1973.</subfield></datafield><datafield ind1=" " ind2=" " tag="300"><subfield code="a">70 v. :</subfield><subfield code="b">ill. ;</subfield><subfield code="c">55 cm.</subfield></datafield><datafield ind1=" " ind2=" " tag="310"><subfield code="a">Weekly</subfield></datafield><datafield ind1="0" ind2=" " tag="362"><subfield code="a">Vol. 14, no. 41 (Apr. 8, 1948)-v. 84, no. 14 (Aug. 30, 1973).</subfield></datafield><datafield ind1=" " ind2=" " tag="515"><subfield code="a">Continues numbering of Herington advertiser.</subfield></datafield><datafield ind1=" " ind2=" " tag="530"><subfield code="a">Available on microfilm from Micro Photo.</subfield></datafield><datafield ind1=" " ind2=" " tag="752"><subfield code="a">United States</subfield><subfield code="b">Kansas</subfield><subfield code="c">Dickinson</subfield><subfield code="d">Herington.</subfield></datafield><datafield ind1="0" ind2="4" tag="780"><subfield code="t">Herington advertiser</subfield><subfield code="w">(DLC)sn 84029476</subfield></datafield><datafield ind1="0" ind2="4" tag="780"><subfield code="t">Herington times-sun</subfield><subfield code="w">(DLC)sn 84029472</subfield></datafield><datafield ind1="0" ind2="0" tag="785"><subfield code="t">Herington times (Herington, Kan. : 1973)</subfield><subfield code="w">(DLC)sn 84029465</subfield></datafield></record>